<collection xmlns="http://www.loc.gov/MARC21/slim">
<record>
  <leader>01414nam0a2200277 i 450 </leader>
  <controlfield tag="001">IT\ICCU\CNCE\050010</controlfield>
  <controlfield tag="005">20130514000000.0</controlfield>
  <datafield tag="012" ind1=" " ind2=" ">
    <subfield code="a">s-i- lato neuo bele (C) 1577 (R)</subfield>
    <subfield code="2">fei</subfield>
  </datafield>
  <datafield tag="100" ind1=" " ind2=" ">
    <subfield code="a">19991213d1577        0itac0103    ba</subfield>
  </datafield>
  <datafield tag="101" ind1=" " ind2=" ">
    <subfield code="a">ITA</subfield>
  </datafield>
  <datafield tag="102" ind1=" " ind2=" ">
    <subfield code="a">IT</subfield>
  </datafield>
  <datafield tag="200" ind1="1" ind2=" ">
    <subfield code="a">Discorso nobilissimo e dottissimo preseruativo e curatiuo della peste. Di m. Hieronimo Donzellini medico veronese</subfield>
  </datafield>
  <datafield tag="210" ind1=" " ind2=" ">
    <subfield code="a">In Venetia</subfield>
    <subfield code="c">appresso Horatio de i Gobi da Salo&apos;</subfield>
    <subfield code="d">1577</subfield>
  </datafield>
  <datafield tag="215" ind1=" " ind2=" ">
    <subfield code="a">\10! c.</subfield>
    <subfield code="d">4ʻ</subfield>
  </datafield>
  <datafield tag="620" ind1=" " ind2=" ">
    <subfield code="a">IT</subfield>
    <subfield code="d">Venezia</subfield>
  </datafield>
  <datafield tag="700" ind1=" " ind2="1">
    <subfield code="a">Donzellini,</subfield>
    <subfield code="b">Girolamo</subfield>
    <subfield code="3">IT\ICCU\CNCA\004916</subfield>
  </datafield>
  <datafield tag="712" ind1="0" ind2="0">
    <subfield code="a">Gobbi, Orazio</subfield>
    <subfield code="3">IT\ICCU\CNCT\000755</subfield>
    <subfield code="4">650</subfield>
  </datafield>
  <datafield tag="790" ind1=" " ind2="0">
    <subfield code="a">Eudoxus</subfield>
    <subfield code="c"> : Philaletes</subfield>
    <subfield code="3">IT\ICCU\CNCA\004917</subfield>
    <subfield code="z">Donzellini, Girolamo</subfield>
  </datafield>
  <datafield tag="791" ind1="0" ind2="0">
    <subfield code="a">De_Gobbi, Orazio</subfield>
    <subfield code="3">IT\ICCU\CNCT\003157</subfield>
    <subfield code="z">Gobbi, Orazio</subfield>
  </datafield>
  <datafield tag="791" ind1="0" ind2="0">
    <subfield code="a">Gobbis, Horatius de</subfield>
    <subfield code="3">IT\ICCU\CNCT\004949</subfield>
    <subfield code="z">Gobbi, Orazio</subfield>
  </datafield>
  <datafield tag="801" ind1=" " ind2="3">
    <subfield code="a">IT</subfield>
    <subfield code="b">ICCU</subfield>
    <subfield code="c">20201115</subfield>
  </datafield>
  <datafield tag="899" ind1=" " ind2=" ">
    <subfield code="a">Biblioteca Apostolica Vaticana. Citt ̉del Vaticano</subfield>
    <subfield code="1">EX0001</subfield>
    <subfield code="2">ZCV 01</subfield>
  </datafield>
  <datafield tag="899" ind1=" " ind2=" ">
    <subfield code="a">Biblioteca civica Vincenzo Joppi. Udine</subfield>
    <subfield code="z">MUTILO</subfield>
    <subfield code="1">UD0106</subfield>
    <subfield code="2">FVG 12</subfield>
  </datafield>
  <datafield tag="899" ind1=" " ind2=" ">
    <subfield code="a">Biblioteca d&apos;arte del Museo civico Correr. Venezia</subfield>
    <subfield code="1">VE0039</subfield>
    <subfield code="2">VEA BC</subfield>
  </datafield>
  <datafield tag="911" ind1=" " ind2=" ">
    <subfield code="a">Sul front.</subfield>
    <subfield code="9">IT\ICCU\CNCM\000380</subfield>
  </datafield>
  <datafield tag="921" ind1=" " ind2=" ">
    <subfield code="a">IT\ICCU\CNCM\000380</subfield>
    <subfield code="b">Tempo (vecchio alato, con clessidra sul capo, e  frusta nella mano destra). In alto sole e luna.</subfield>
    <subfield code="e">Dum tempus habemus operemur bonum.</subfield>
    <subfield code="c">V334</subfield>
    <subfield code="d">Dimensioni : 4 x 3,5</subfield>
    <subfield code="f">CLESSIDRA</subfield>
    <subfield code="f">DUMTEMPUSH</subfield>
    <subfield code="f">TEMPO</subfield>
    <subfield code="f">VECCHI0</subfield>
    <subfield code="g">[dopo il 1553]-1581</subfield>
  </datafield>
</record>
</collection>
